<collection xmlns="http://www.loc.gov/MARC21/slim">
<record>
  <leader>01732nam0a22003131i 450 </leader>
  <controlfield tag="001">IT\ICCU\CNCE\051151</controlfield>
  <controlfield tag="005">20121109000000.0</controlfield>
  <datafield tag="012" ind1=" " ind2=" ">
    <subfield code="a">v.o. m.i- usEt D.io (C) 1503 (R)</subfield>
    <subfield code="2">fei</subfield>
  </datafield>
  <datafield tag="100" ind1=" " ind2=" ">
    <subfield code="a">20001031d1503        0itac0103    ba</subfield>
  </datafield>
  <datafield tag="101" ind1=" " ind2=" ">
    <subfield code="a">LAT</subfield>
  </datafield>
  <datafield tag="102" ind1=" " ind2=" ">
    <subfield code="a">IT</subfield>
  </datafield>
  <datafield tag="200" ind1="1" ind2=" ">
    <subfield code="a">Congruentias atque differentias Canonicorum regularium et secularium eorum que excellentias dignissimas a d. Celso Veronensi canonico regulari editas hoc paruo opusculo lector doctissime agnoscere</subfield>
  </datafield>
  <datafield tag="210" ind1=" " ind2=" ">
    <subfield code="e">Impraessum Verone</subfield>
    <subfield code="g">per me Lucham Antonium Florentinum</subfield>
    <subfield code="h">1503 die XXVI Augusti</subfield>
  </datafield>
  <datafield tag="215" ind1=" " ind2=" ">
    <subfield code="a">\8! c.</subfield>
    <subfield code="d">4ʻ</subfield>
  </datafield>
  <datafield tag="620" ind1=" " ind2=" ">
    <subfield code="a">IT</subfield>
    <subfield code="d">Verona</subfield>
  </datafield>
  <datafield tag="700" ind1=" " ind2="1">
    <subfield code="a">Maffei,</subfield>
    <subfield code="b">Celso</subfield>
    <subfield code="3">IT\ICCU\CNCA\008816</subfield>
  </datafield>
  <datafield tag="712" ind1="0" ind2="2">
    <subfield code="a">Lucantonio Fiorentino</subfield>
    <subfield code="3">IT\ICCU\CNCT\000848</subfield>
    <subfield code="4">650</subfield>
  </datafield>
  <datafield tag="790" ind1=" " ind2="0">
    <subfield code="a">Celsus</subfield>
    <subfield code="c"> : Veronensis</subfield>
    <subfield code="3">IT\ICCU\CNCA\013133</subfield>
    <subfield code="z">Maffei, Celso</subfield>
  </datafield>
  <datafield tag="791" ind1="0" ind2="0">
    <subfield code="a">Fiorentino, Lucantonio</subfield>
    <subfield code="3">IT\ICCU\CNCT\002793</subfield>
    <subfield code="z">Lucantonio Fiorentino</subfield>
  </datafield>
  <datafield tag="791" ind1="0" ind2="0">
    <subfield code="a">Florentinus, Lucas Antonius</subfield>
    <subfield code="3">IT\ICCU\CNCT\003945</subfield>
    <subfield code="z">Lucantonio Fiorentino</subfield>
  </datafield>
  <datafield tag="791" ind1="0" ind2="2">
    <subfield code="a">Lucas Antonius Florentinus</subfield>
    <subfield code="3">IT\ICCU\CNCT\004979</subfield>
    <subfield code="z">Lucantonio Fiorentino</subfield>
  </datafield>
  <datafield tag="791" ind1="0" ind2="0">
    <subfield code="a">Degli_Uberti, Lucantonio</subfield>
    <subfield code="3">IT\ICCU\CNCT\006320</subfield>
    <subfield code="z">Lucantonio Fiorentino</subfield>
  </datafield>
  <datafield tag="801" ind1=" " ind2="3">
    <subfield code="a">IT</subfield>
    <subfield code="b">ICCU</subfield>
    <subfield code="c">20201115</subfield>
  </datafield>
  <datafield tag="899" ind1=" " ind2=" ">
    <subfield code="a">Biblioteca Apostolica Vaticana. Citt ̉del Vaticano</subfield>
    <subfield code="1">EX0001</subfield>
    <subfield code="2">ZCV 01</subfield>
  </datafield>
  <datafield tag="899" ind1=" " ind2=" ">
    <subfield code="a">Biblioteca Angelica. Roma</subfield>
    <subfield code="1">RM0290</subfield>
    <subfield code="2">RML 06</subfield>
  </datafield>
  <datafield tag="899" ind1=" " ind2=" ">
    <subfield code="a">Biblioteca d&apos;arte del Museo civico Correr. Venezia</subfield>
    <subfield code="1">VE0039</subfield>
    <subfield code="2">VEA BC</subfield>
  </datafield>
  <datafield tag="899" ind1=" " ind2=" ">
    <subfield code="a">Biblioteca nazionale Marciana. Venezia</subfield>
    <subfield code="1">VE0049</subfield>
    <subfield code="2">VEA BM</subfield>
  </datafield>
  <datafield tag="911" ind1=" " ind2=" ">
    <subfield code="a">Sul front.</subfield>
    <subfield code="9">IT\ICCU\CNCM\001171</subfield>
  </datafield>
  <datafield tag="921" ind1=" " ind2=" ">
    <subfield code="a">IT\ICCU\CNCM\001171</subfield>
    <subfield code="b">Fortuna (donna con vela al vento). In basso, a sinistra, le iniziali L.A.F. e a destra B.M.</subfield>
    <subfield code="c">K346</subfield>
    <subfield code="c">V541</subfield>
    <subfield code="d">Dimensioni: 4,5 x 4,7. Usata da L.A. Fiorentino senza le iniziali B.M.</subfield>
    <subfield code="f">FORTUNA</subfield>
    <subfield code="g">1503</subfield>
  </datafield>
</record>
</collection>
